
@misc{guervos_jjplantilla-tfg-etsiit_2024,
	title = {{JJ}/plantilla-{TFG}-{ETSIIT}},
	copyright = {GPL-3.0},
	url = {https://github.com/JJ/plantilla-TFG-ETSIIT},
	abstract = {Plantilla de repositorio para trabajos fin de grado en la ETSIIT-UGR},
	urldate = {2024-12-15},
	author = {Guervós, Juan Julián Merelo},
	month = sep,
	year = {2024},
	note = {original-date: 2019-03-19T11:58:46Z},
	keywords = {hacktoberfest, hacktoberfest2021},
}